 @misc{ wiki:xxx,
   author = "Wikipedia",
   title = "Allocazione dinamica della memoria --- Wikipedia{,} L'enciclopedia libera",
   year = "2019",
   url = "http://it.wikipedia.org/w/index.php?title=Allocazione_dinamica_della_memoria&oldid=102817875",
   note = "[Online; in data 10-gennaio-2020]"
 }